<record><leader>00000cas a22000007a 4500</leader><controlfield tag="001">9614617</controlfield><controlfield tag="008">830616u1910uuuuksuuu ne      0    0eng d</controlfield><datafield ind1=" " ind2=" " tag="010"><subfield code="a">sn 83040250 </subfield></datafield><datafield ind1=" " ind2=" " tag="040"><subfield code="a">KSH</subfield><subfield code="b">eng</subfield><subfield code="c">KSH</subfield><subfield code="d">NPT</subfield><subfield code="d">OCLCQ</subfield></datafield><datafield ind1=" " ind2=" " tag="042"><subfield code="a">msc</subfield></datafield><datafield ind1=" " ind2=" " tag="043"><subfield code="a">n-us-ks</subfield></datafield><datafield ind1="0" ind2="4" tag="245"><subfield code="a">The Isabel star.</subfield></datafield><datafield ind1=" " ind2=" " tag="260"><subfield code="a">Isabel, Kan. :</subfield><subfield code="b">F.C. Trillingham</subfield></datafield><datafield ind1=" " ind2=" " tag="300"><subfield code="a">v. ;</subfield><subfield code="c">51 cm.</subfield></datafield><datafield ind1="1" ind2=" " tag="362"><subfield code="a">Began in 1910.</subfield></datafield><datafield ind1=" " ind2=" " tag="588"><subfield code="a">Description based on: V. 1, no. 2 (Oct. 7, 1910).</subfield></datafield><datafield ind1="1" ind2=" " tag="700"><subfield code="a">Trillingham, F. C.</subfield></datafield><datafield ind1=" " ind2=" " tag="752"><subfield code="a">United States</subfield><subfield code="b">Kansas</subfield><subfield code="c">Barber</subfield><subfield code="d">Isabel.</subfield></datafield><datafield ind1="1" ind2=" " tag="029"><subfield code="a">AU@</subfield><subfield code="b">000025793038</subfield></datafield></record>